% put bibtex entries here!

@book{bivand2013applied,
  title={Applied Spatial Data Analysis with R},
  author={Bivand, R.S. and Pebesma, E. and G{\'o}mez-Rubio, V.},
  isbn={9781461476184},
  series={Use R!},
  year={2013},
  publisher={Springer New York}
}

@article{beaudoin2018tracking,
author = {Beaudoin, A. and Bernier, P.Y. and Villemaire, P. and Guindon, L. and Guo, X. Jing},
title = {Tracking forest attributes across Canada between 2001 and 2011 using a k nearest neighbors mapping approach applied to MODIS imagery},
journal = {Canadian Journal of Forest Research},
volume = {48},
number = {1},
pages = {85-93},
year = {2018},
doi = {10.1139/cjfr-2017-0184}
}

@article{bivand2022cran,
  title={CRAN task view: Analysis of spatial data},
  author={Bivand, Roger and Nowosad, Jakub},
  year={2022},
  month={08},
  day={22},
  url={https://CRAN.R-project.org/view=Spatial}
}

@book{burrough2015principles,
  title={Principles of geographical information systems},
  author={Burrough, Peter A and McDonnell, Rachael A and Lloyd, Christopher D},
  year={2015},
  publisher={Oxford university press}
}

@book{chiles2012geostatistics,
  title={Geostatistics: Modeling Spatial Uncertainty},
  author={Chiles, JP and Delfiner, P},
  edition={2nd},
  year={2012},
  publisher={John Wiley \& Sons},
  address={Hoboken, NJ}
}

@book{cressie2015statistics,
  title={Statistics for spatial data},
  author={Cressie, Noel},
  year={2015},
  publisher={John Wiley \& Sons}
}


@book{diggle2007model,
  title={Model-based Geostatistics},
  author={Diggle, P. and Ribeiro, P.J.},
  isbn={9780387485362},
  lccn={2006927417},
  series={Springer Series in Statistics},
  url={https://books.google.ca/books?id=qCqOm39OuFUC},
  year={2007},
  publisher={Springer New York}
}

@article{drton2021existence,
  title={Existence and uniqueness of the Kronecker covariance MLE},
  author={Drton, Mathias and Kuriki, Satoshi and Hoff, Peter},
  journal={The Annals of Statistics},
  volume={49},
  number={5},
  pages={2721--2754},
  year={2021},
  publisher={Institute of Mathematical Statistics}
}

@Article{finley2007spbayes,
    title = {{spBayes}: An {R} Package for Univariate and Multivariate
      Hierarchical Point-Referenced Spatial Models},
    author = {Andrew O. Finley and Sudipto Banerjee and Bradley P.
      Carlin},
    journal = {Journal of Statistical Software},
    year = {2007},
    volume = {19},
    number = {4},
    pages = {1--24},
    url = {https://www.jstatsoft.org/article/view/v019i04},
  }
  
@Article{finley2015spbayes,
    title = {{spBayes} for Large Univariate and Multivariate
      Point-Referenced Spatio-Temporal Data Models},
    author = {Andrew O. Finley and Sudipto Banerjee and Alan
      E.Gelfand},
    journal = {Journal of Statistical Software},
    year = {2015},
    volume = {63},
    number = {13},
    pages = {1--28},
    url = {https://www.jstatsoft.org/article/view/v063i13},
  }
  
@article{genton2007separable,
  title={Separable approximations of space-time covariance matrices},
  author={Genton, Marc G},
  journal={Environmetrics},
  volume={18},
  number={7},
  pages={681--695},
  year={2007},
  publisher={Wiley Online Library}
}

@article{gramacy2016lagp,
 title={laGP: Large-Scale Spatial Modeling via Local Approximate Gaussian Processes in R},
 volume={72},
 url={https://www.jstatsoft.org/index.php/jss/article/view/v072i01},
 doi={10.18637/jss.v072.i01},
 number={1},
 journal={Journal of Statistical Software},
 author={Gramacy, Robert B.},
 year={2016},
 pages={1–46}
}

@Article{graler2016gstat,
title = {Spatio-Temporal Interpolation using gstat},
author = {Benedikt Gräler and Edzer Pebesma and Gerard Heuvelink},
year = {2016},
journal = {The R Journal},
volume = {8},
issue = {1},
pages = {204-218},
url =
  {https://journal.r-project.org/archive/2016/RJ-2016-014/index.html},
}

@article{kessy2018whiten,
author = {Agnan Kessy and Alex Lewin and Korbinian Strimmer},
title = {Optimal Whitening and Decorrelation},
journal = {The American Statistician},
volume = {72},
number = {4},
pages = {309-314},
year  = {2018},
publisher = {Taylor & Francis},
doi = {10.1080/00031305.2016.1277159}
}

@article{koch2020computationally,
  title={Computationally simple anisotropic lattice covariograms},
  author={Koch, Dean and Lele, Subhash and Lewis, Mark A},
  journal={Environmental and Ecological Statistics},
  volume={27},
  number={4},
  pages={665--688},
  year={2020},
  publisher={Springer}
}

@article{koch2020unifying,
  title={A unifying theory for two-dimensional spatial redistribution kernels with applications in population spread modelling},
  author={Koch, Dean and Lewis, Mark and Lele, Subhash},
  journal={Journal of the Royal Society Interface},
  volume={17},
  number={170},
  pages={20200434},
  year={2020},
  publisher={The Royal Society}
}

@article{koch2021signature,
  title={The signature of endemic populations in the spread of mountain pine beetle outbreaks},
  author={Koch, Dean and Lewis, Mark A and Lele, Subhash},
  journal={Bulletin of Mathematical Biology},
  volume={83},
  number={6},
  pages={1--24},
  year={2021},
  publisher={Springer}
}

@article{lark2000comparison,
  title={A comparison of some robust estimators of the variogram for use in soil survey},
  author={Lark, RM},
  journal={European journal of soil science},
  volume={51},
  number={1},
  pages={137--157},
  year={2000},
  publisher={Wiley Online Library}
}

@article{lindgren2011explicit,
  title={An explicit link between Gaussian fields and Gaussian Markov random fields: the stochastic partial differential equation approach},
  author={Lindgren, Finn and Rue, H{\aa}vard and Lindstr{\"o}m, Johan},
  journal={Journal of the Royal Statistical Society: Series B (Statistical Methodology)},
  volume={73},
  number={4},
  pages={423--498},
  year={2011},
  publisher={Wiley Online Library}
}


@article{lindgren2015bayesian,
  title={Bayesian spatial modelling with R-INLA},
  author={Lindgren, Finn and Rue, H{\aa}vard},
  journal={Journal of statistical software},
  volume={63},
  pages={1--25},
  year={2015}
}

@article{martin1979subclass,
  title={A subclass of lattice processes applied to a problem in planar sampling},
  author={Martin, RJ},
  journal={Biometrika},
  volume={66},
  number={2},
  pages={209--217},
  year={1979},
  publisher={Oxford University Press}
}

@Misc{nychka2021fields,
title = {fields: Tools for spatial data},
author = {{Douglas Nychka} and {Reinhard Furrer} and {John Paige}
  and {Stephan Sain}},
note = {R package version 14.1},
organization = {University Corporation for Atmospheric Research},
address = {Boulder, CO, USA},
year = {2021},
url = {https://github.com/dnychka/fieldsRPackage},
}

@Misc{nychka2016latticekrig,
title = {LatticeKrig: Multiresolution Kriging Based on Markov
  Random Fields},
author = {Douglas Nychka and Dorit Hammerling and Stephan Sain and
  Nathan Lenssen},
note = {R package version 8.4},
organization = {University Corporation for Atmospheric Research},
address = {Boulder, CO, USA},
year = {2016},
doi = {10.5065/D6HD7T1R},
url = {https://github.com/NCAR/LatticeKrig},
}

@Article{paciorek2015biggp,
title = {Parallelizing Gaussian Process Calculations in {R}},
author = {Christopher J. Paciorek and Benjamin Lipshitz and Wei
  Zhuo and {Prabhat} and Cari G. Kaufman and Rollin C. Thomas},
journal = {Journal of Statistical Software},
year = {2015},
volume = {63},
number = {10},
pages = {1--23},
url = {https://doi.org/10.18637/jss.v063.i10},
doi = {10.18637/jss.v063.i10},
}

@Article{pebesma2004gstat,
title = {Multivariable geostatistics in {S}: the gstat package},
author = {Edzer J. Pebesma},
journal = {Computers & Geosciences},
year = {2004},
volume = {30},
pages = {683-691},
}
  
@Article{pebesma2005sp,
author = {Edzer J. Pebesma and Roger S. Bivand},
title = {Classes and methods for spatial data in {R}},
journal = {R News},
year = {2005},
volume = {5},
number = {2},
pages = {9--13},
month = {November},
url = {https://CRAN.R-project.org/doc/Rnews/},
}
  
@Article{pebesma2018sf,
author = {Edzer Pebesma},
title = {{Simple Features for R: Standardized Support for Spatial
  Vector Data}},
year = {2018},
journal = {{The R Journal}},
doi = {10.32614/RJ-2018-009},
url = {https://doi.org/10.32614/RJ-2018-009},
pages = {439--446},
volume = {10},
number = {1},
}

@misc{pebesma2022meuse,
title={The meuse data set: a brief tutorial for the gstat R package},
author={Pebesma, Edzer},
year={2022},
publisher={ViennaR}
}

@Article{schlather2015randomfields,
title = {Analysis, Simulation and Prediction of Multivariate Random
  Fields with Package {RandomFields}},
author = {Martin Schlather and Alexander Malinowski and Peter J.
  Menck and Marco Oesting and Kirstin Strokorb},
journal = {Journal of Statistical Software},
year = {2015},
volume = {63},
number = {8},
pages = {1--25},
url = {http://www.jstatsoft.org/v63/i08/},
}
  
@book{rasmussen2006gaussian,
  title={Gaussian Processes for Machine Learning},
  author={Rasmussen, Carl Edward and Williams, Christopher KI},
  year={2006},
  publisher={MIT press},
  address={Cambridge, MA}
}


@article{ribeiro1999splus,
  title={geoS: A geostatistical library for S-PLUS},
  author={Ribeiro Jr, Paulo J and Diggle, Peter J},
  journal={Technical report},
  pages={1--6},
  year={1999},
  publisher ={ST-99-09, Dept of Maths and Stats, Lancaster University},
}

@article{van2000ubiquitous,
  title={The ubiquitous {K}ronecker product},
  author={Van Loan, Charles F},
  journal={J Comput Appl Math},
  volume={123},
  number={1},
  pages={85--100},
  year={2000},
  publisher={Elsevier}
}

@Article{zammit2021frk,
title = {FRK: an R package for spatial and spatio-temporal
  prediction with large datasets},
author = {Andrew Zammit-Mangion and Noel Cressie},
journal = {Journal of Statistical Software},
year = {2021},
volume = {98},
number = {4},
pages = {1--48},
}
